<?xml version="1.0" encoding="UTF-8"?><collection xmlns="http://www.loc.gov/MARC21/slim"><record><leader>00401nam--2200133-i-4500</leader><controlfield tag="001">000023828</controlfield><controlfield tag="002">20161230</controlfield><controlfield tag="005">20161230201035</controlfield><controlfield tag="008">060222s1000------------r-----000-0-eng-d</controlfield><datafield ind1=" " ind2=" " tag="080"><subfield code="a">523.31-852(035.3)</subfield></datafield><datafield ind1=" " ind2=" " tag="245"><subfield code="a">Handbook of astronomy. astrophysics and geophysics</subfield></datafield><datafield ind1=" " ind2=" " tag="260"><subfield code="a">New York, Gordon And Breach, Publ.Inc.,1978. 412 P</subfield></datafield><datafield ind1=" " ind2=" " tag="700"><subfield code="a">Charlotte W.Gordon, V.Canuto And V.Ian Axford</subfield></datafield><datafield ind1=" " ind2=" " tag="852"><subfield code="a">46553</subfield></datafield></record></collection>